<?xml version="1.0" encoding="UTF-8"?><record xmlns="http://www.loc.gov/MARC21/slim" xmlns:cinclude="http://apache.org/cocoon/include/1.0" xmlns:zs="http://www.loc.gov/zing/srw/">
  <leader>00395cz  a2200121n  4500</leader>
  <controlfield tag="001">n  90646625 </controlfield>
  <controlfield tag="003">DLC</controlfield>
  <controlfield tag="005">19910318072503.6</controlfield>
  <controlfield tag="008">900518n| acannaab|          |n aaa |||  </controlfield>
  <datafield tag="010" ind1=" " ind2=" ">
    <subfield code="a">n  90646625 </subfield>
  </datafield>
  <datafield tag="040" ind1=" " ind2=" ">
    <subfield code="a">DLC</subfield>
    <subfield code="c">DLC</subfield>
    <subfield code="d">DLC</subfield>
  </datafield>
  <datafield tag="100" ind1="1" ind2="0">
    <subfield code="a">Taseer, C. Bilqees</subfield>
  </datafield>
  <datafield tag="670" ind1=" " ind2=" ">
    <subfield code="a">nuc90-33337: Author's The Kashmir of Sheikh Muhammad Abdullah, 1986</subfield>
    <subfield code="b">(hdg. on MnU rept.: Taseer, C. Bilquees; usage: C. Bilqees Taseer)</subfield>
  </datafield>
</record>